@article{scikit-learn,
 title={Scikit-learn: Machine Learning in {P}ython},
 author={Pedregosa, F. and Varoquaux, G. and Gramfort, A. and Michel, V.
         and Thirion, B. and Grisel, O. and Blondel, M. and Prettenhofer, P.
         and Weiss, R. and Dubourg, V. and Vanderplas, J. and Passos, A. and
         Cournapeau, D. and Brucher, M. and Perrot, M. and Duchesnay, E.},
 journal={Journal of Machine Learning Research},
 volume={12},
 pages={2825--2830},
 year={2011}
}

@article{daniel2011classification,
  title={Classification of stellar spectra with local linear embedding},
  author={Daniel, Scott F and Connolly, Andrew and Schneider, Jeff and Vanderplas, Jake and Xiong, Liang},
  journal={The Astronomical Journal},
  volume={142},
  number={6},
  pages={203},
  year={2011},
  publisher={IOP Publishing}
}

